@book{valls2011fundamentos,
  title={Fundamentos de electr{\'o}nica anal{\'o}gica},
  author={Valls, Gustavo Camps and L{\'o}pez, Jos{\'e} Esp{\'\i} and Mar{\'\i}, Jordi Mu{\~n}oz},
  year={2011},
  publisher={Universitat de Val{\`e}ncia}
}

@book{orrego2007electricidad,
  title={Electricidad I. Teor{\'\i}a b{\'a}sica y pr{\'a}cticas},
  author={Orrego, Juan Jos{\'e} Manzano},
  volume={1},
  year={2007},
  publisher={Marcombo}
}

@article{lorenzo2009automatizacion,
  title={Automatizaci{\'o}n de una planta industrial},
  author={Lorenzo, Gonzalo},
  year={2009}
}

@article{ponsa2009diseno,
  title={Dise{\~n}o y automatizaci{\'o}n industrial},
  author={Ponsa, Pere and Granollers, Antoni},
  journal={Catalu{\~n}a: Universidad Polit{\'e}cnica de Catalu{\~n}a},
  year={2009}
}

@misc{valadez2002tablero,
  title={Tablero simulador para pr{\'a}cticas con controladores l{\'o}gicos programables (PLC)},
  author={Valadez Eslava, Guadalupe Natalia and Alc{\'a}ntara Ram{\'\i}rez, Roberto Alfonso and Jaimes Ponce, Jorge Miguel and Magos Rivera, Miguel},
  year={2002},
  publisher={Universidad Aut{\'o}noma Metropolitana, Unidad Azcapotzalco, Divisi{\'o}n de~â€¦}
}

@article{tumbaco2013diseno,
  title={Dise{\~n}o y construcci{\'o}n de un tablero did{\'a}ctico para el control de velocidad de un motor tipo jaula de ardilla utilizando un micro PLC logo, variador de frecuencia y una pantalla TD.},
  author={Tumbaco Londa, Jos{\'e} Antonio and Maldonado Vera, Efr{\'e}n Cornelio},
  year={2013}
}

@manual{IEC:60446:2007,
    organization  = "IEC",
    title         = "Basic and safety principles for man-machine interface, marking and identification - identification of conductors by colors or alphanumerics",
    year          =  2007,
    number        = "IEC60446:2007",
    note          = "Rev. 4"
}